@article{sidewalk2008,
 author = {Seng, John S. and Norrie, Thomas J.},
 title = {Sidewalk following using color histograms},
 journal = {J. Comput. Small Coll.},
 volume = {23},
 number = {6},
 year = {2008},
 issn = {1937-4771},
 pages = {172--180},
 publisher = {Consortium for Computing Sciences in Colleges},
 address = {USA},
 }

@article{potato,
author = {VAN EVERT, FRITS K. and VAN DER HEIJDEN, GERIE WAM and LOTZ, LAMBERTUS A.P. and POLDER, GERRIT and LAMAKER, ARJAN and DE JONG, ARJAN and KUYPER, MARJOLIJN C. and GROENDIJK, ELTJE J.K. and NEETESON, JACQUES J. and VAN DER ZALM, TON},
title = {A Mobile Field Robot with Vision-Based Detection of Volunteer Potato Plants in a Corn Crop1},
journal = {Weed Technology},
volume = {20},
number = {4},
pages = {853-861},
year = {2006},
doi = {10.1614/WT-05-132.1},
URL = {http://pinnacle.allenpress.com/doi/abs/10.1614/WT-05-132.1},
eprint = {http://pinnacle.allenpress.com/doi/pdf/10.1614/WT-05-132.1}
}

@MISC{Bacha05,
    author = {Andrew Reed Bacha and Dr. A. Lynn Abbott and Andrew Reed Bacha},
    title = {Processing Line Detection and Lane Following for an Autonomous Mobile Robot},
    year = {2005}
}

@article{ suzuki85,
        AUTHOR = "Suzuki, S. and Abe, K.",
        TITLE = "Topological Structural Analysis of Digitized 
Binary Images by Border Following",
        JOURNAL = CVGIP,
        VOLUME = "30",
        YEAR = "1985",
        NUMBER = "1",
        MONTH = "April",
        PAGES = "32-46",
        BIBSOURCE = "http://www.visionbib.com/bibliography/twod289.html#TT24865"}

@article{dp74,
        AUTHOR = "Douglas, D.H. and Peucker, T.K.",
        TITLE = "Algorithms for the reduction of the number of points required to represent a
digitized line or its caricature",
        JOURNAL = "Canadian Cartographer",
        VOLUME = "10",
        YEAR = "1973",
        PAGES = "112-122",
        BIBSOURCE = "http://www.visionbib.com/bibliography/edge241.html#TT20908"}

@article{greenwolfram,
        AUTHOR = "The IDL Astronomy User's Library",
        TITLE = "Eroding and Dilating Image Objects",
	URL = {http://idlastro.gsfc.nasa.gov/idl_html_help/Eroding_and_Dilating_Image_Objects.html},
        YEAR = "2007"}
@article{nasa-dilate-erode,
        AUTHOR = "Weisstein, Eric W.",
        TITLE = "Green's Theorem. From MathWorld--A Wolfram Web Resource",
	URL = {http://mathworld.wolfram.com/GreensTheorem.html},
        }
@Article{Fitzgibbon99,
  author = "Fitzgibbon, A.~W.and Pilu, M. and Fisher, R.~B.",
  title = "Direct least-squares fitting of ellipses",
  journal = pami,
  year = 1999,
  volume = 21,
  number = 5,
  month = may,
  pages = "476--480"
}

@MISC{Zhang02,
    author = {Dengsheng Zhang and Guojun Lu},
    title = {Review of shape representation anddescription techniques},
    year = {2002}
}

@MISC{skin09,
    author = {V. A. OLIVEIRA, A. CONCI},
    title = {Skin Detection using HSV color space},
    year = {2009}
}

@article{opencv_library,
    author = {Bradski, G.},
    citeulike-article-id = {2236121},
    journal = {Dr. Dobb's Journal of Software Tools},
    keywords = {bibtex-import},
    posted-at = {2008-01-15 19:21:54},
    priority = {4},
    title = {{The OpenCV Library}},
    year = {2000}
}

@article{Hu1962,
  author = {Ming-Kuei Hu},
  interhash = {4b4427fd5faf18ad9083ca338b09b129},
  intrahash = {35ec1c51f68a404468ab53f4e4f94a47},
  journal = {Information Theory, IRE Transactions on},
  number = 2,
  pages = {179-187},
  title = {Visual pattern recognition by moment invariants},
  volume = 8,
  year = 1962,
  keywords = {Imageanalysis},
  added-at = {2009-06-21T16:04:14.000+0200},
  issn = {0096-1000},
  description = {Welcome to IEEE Xplore 2.0: Visual pattern recognition by moment invariants},
  biburl = {http://www.bibsonomy.org/bibtex/235ec1c51f68a404468ab53f4e4f94a47/midtiby},
  doi = {10.1109/TIT.1962.1057692},
  month = {February },
}

@INPROCEEDINGS{Iivarinen96shaperecognition,
    author = {Jukka Iivarinen and Ari Visa},
    title = {Shape Recognition of Irregular Objects},
    booktitle = {Intelligent Robots and Computer Vision XV: Algorithms, Techniques, Active Vision, and Materials Handling, Proc. SPIE 2904},
    year = {1996},
    pages = {25--32}
}

@article{DipLib,
    author = {Hendriks, C.L.L., van Vliet, L.J., Rieger, B., van Ginkel, M., Ligteringen, R.},
    keywords = {bibtex-import},
    posted-at = {2008-01-15 19:21:54},
    priority = {4},
    title = {{DIPimage: A Scientific Image Processing Toolbox for MATLAB.}},
    year = {2005}
    URL = {http://www.ph.tn.tudelft.nl/DIPlib/}
}

@article{Canny:1986:ACA,
  number = {6},
  volume = {8},
  optnote = {CANNY86},
  author = {F. John Canny},
  optstatus = {OK, URL, Paper, RI},
  localfile = {papers/Canny.1986.ACA.pdf},
  title = {A {C}omputational {A}pproach to {E}dge {D}etection},
  doi = {http://doi.acm.org/10.1145/11274.11275},
  journal = j-IEEE-PAMI,
  pages = {679--698},
  year = {1986}
}

@article{hough62,
author = {Nick Bennett and Robert Burridge and Naoki Saito},
title = {A Method to Detect and Characterize Ellipses Using the Hough Transform},
journal ={IEEE Transactions on Pattern Analysis and Machine Intelligence},
volume = {21},
issn = {0162-8828},
year = {1999},
pages = {652-657},
doi = {http://doi.ieeecomputersociety.org/10.1109/34.777377},
publisher = {IEEE Computer Society},
address = {Los Alamitos, CA, USA},
}

@book{HastieEtAl2008,
  author = {Trevor Hastie and Robert Tibshirani and Jerome Friedman},
  edition = 2,
  interhash = {da2b0d81d9603115bd74a660d42ff295},
  intrahash = {cc2ec39b3b36fb5e62a84fd1f7d3d36f},
  publisher = {Springer},
  title = {{The elements of statistical learning: data mining, inference and prediction}},
  url = {http://scholar.google.com/scholar.bib?q=info:roqIsr0iT4UJ:scholar.google.com/&output=citation&hl=en&ct=citation&cd=0},
  year = 2008,
  keywords = {clutering dataanalysis inference mathmatics method statistics},
  added-at = {2009-10-16T11:48:35.000+0200},
  biburl = {http://www.bibsonomy.org/bibtex/2cc2ec39b3b36fb5e62a84fd1f7d3d36f/tmalsburg}
}

@book {lopencv,
	title = {Learning OpenCV},
	year = {2008},
	publisher = {O{\textquoteright}Reilly Media Inc.},
	keywords = {},
	URL = {http://oreilly.com/catalog/9780596516130},
	author = {Gary Bradski and Adrian Kaehler}
}
