

@article{potato,
author = {VAN EVERT, FRITS K. and VAN DER HEIJDEN, GERIE WAM and LOTZ, LAMBERTUS A.P. and POLDER, GERRIT and LAMAKER, ARJAN and DE JONG, ARJAN and KUYPER, MARJOLIJN C. and GROENDIJK, ELTJE J.K. and NEETESON, JACQUES J. and VAN DER ZALM, TON},
title = {A Mobile Field Robot with Vision-Based Detection of Volunteer Potato Plants in a Corn Crop1},
journal = {Weed Technology},
volume = {20},
number = {4},
pages = {853-861},
year = {2006},
doi = {10.1614/WT-05-132.1},
URL = {http://pinnacle.allenpress.com/doi/abs/10.1614/WT-05-132.1},
eprint = {http://pinnacle.allenpress.com/doi/pdf/10.1614/WT-05-132.1}
}


@article{ suzuki85,
        AUTHOR = "Suzuki, S. and Abe, K.",
        TITLE = "Topological Structural Analysis of Digitized 
Binary Images by Border Following",
        JOURNAL = CVGIP,
        VOLUME = "30",
        YEAR = "1985",
        NUMBER = "1",
        MONTH = "April",
        PAGES = "32-46",
        BIBSOURCE = "http://www.visionbib.com/bibliography/twod289.html#TT24865"}

@article{dp74,
        AUTHOR = "Douglas, D.H. and Peucker, T.K.",
        TITLE = "Algorithms for the reduction of the number of points required to represent a
digitized line or its caricature",
        JOURNAL = "Canadian Cartographer",
        VOLUME = "10",
        YEAR = "1973",
        PAGES = "112-122",
        BIBSOURCE = "http://www.visionbib.com/bibliography/edge241.html#TT20908"}

@article{greenwolfram,
        AUTHOR = "The IDL Astronomy User's Library",
        TITLE = "Eroding and Dilating Image Objects",
	URL = {http://idlastro.gsfc.nasa.gov/idl_html_help/Eroding_and_Dilating_Image_Objects.html},
        YEAR = "2007"}
@article{nasa-dilate-erode,
        AUTHOR = "Weisstein, Eric W.",
        TITLE = "Green's Theorem. From MathWorld--A Wolfram Web Resource",
	URL = {http://mathworld.wolfram.com/GreensTheorem.html},
        }
@Article{Fitzgibbon99,
  author = "Fitzgibbon, A.~W.and Pilu, M. and Fisher, R.~B.",
  title = "Direct least-squares fitting of ellipses",
  journal = pami,
  year = 1999,
  volume = 21,
  number = 5,
  month = may,
  pages = "476--480"
}

@MISC{Zhang02,
    author = {Dengsheng Zhang and Guojun Lu},
    title = {Review of shape representation anddescription techniques},
    year = {2002}
}

@article{opencv_library,
    author = {Bradski, G.},
    citeulike-article-id = {2236121},
    journal = {Dr. Dobb's Journal of Software Tools},
    keywords = {bibtex-import},
    posted-at = {2008-01-15 19:21:54},
    priority = {4},
    title = {{The OpenCV Library}},
    year = {2000}
}

@article{Hu1962,
  author = {Ming-Kuei Hu},
  interhash = {4b4427fd5faf18ad9083ca338b09b129},
  intrahash = {35ec1c51f68a404468ab53f4e4f94a47},
  journal = {Information Theory, IRE Transactions on},
  number = 2,
  pages = {179-187},
  title = {Visual pattern recognition by moment invariants},
  volume = 8,
  year = 1962,
  keywords = {Imageanalysis},
  added-at = {2009-06-21T16:04:14.000+0200},
  issn = {0096-1000},
  description = {Welcome to IEEE Xplore 2.0: Visual pattern recognition by moment invariants},
  biburl = {http://www.bibsonomy.org/bibtex/235ec1c51f68a404468ab53f4e4f94a47/midtiby},
  doi = {10.1109/TIT.1962.1057692},
  month = {February },
}

@INPROCEEDINGS{Iivarinen96shaperecognition,
    author = {Jukka Iivarinen and Ari Visa},
    title = {Shape Recognition of Irregular Objects},
    booktitle = {Intelligent Robots and Computer Vision XV: Algorithms, Techniques, Active Vision, and Materials Handling, Proc. SPIE 2904},
    year = {1996},
    pages = {25--32}
}
