
@ARTICLE{ nolfi:evolving,
	AUTHOR = "Stefano Nolfi",
	TITLE = "Evolving non-trivial behaviors on real robots: A garbage collecting robot",
	JOURNAL = "Robotics and Autonomous Systems"
	PAGES = {187-198},
	YEAR = {1997},
	publisher = {Springer Verlag},
	URL = {http://citeseerx.ist.psu.edu/viewdoc/download?doi=10.1.1.33.745\&rep=rep1\&type=pdf}

}

@INPROCEEDINGS{Neves97acontrol,
    author = {Maria C. Neves and R. S. Tome},
    title = {A Control Architecture for an Autonomous Mobile Robot},
    booktitle = {Proceedings of Autonomous Agents},
    year = {1997},
    publisher = {ACM},
	URL = {http://sigart.acm.org/proceedings/agents97/A104/A104.PDF}
}

@ARTICLE{salvatore,
    author = {Salvatore Candido},
    title = {Autonomous Robot Path Planning using a Genetic Algorithm},
	URL = {http://www-cvr.ai.uiuc.edu/~scandido/pdf/GApathplan.pdf}
}

@INPROCEEDINGS{Foka02predictiveautonomous,
    author = {Amalia F. Foka and Panos E. Trahanias},
    title = {Predictive Autonomous Robot Navigation},
    booktitle = {In Proc. of the IEEE/RSJ International Conference on Intelligent Robots and Systems (IROS)},
    year = {2002},
    pages = {490--495}
	URL = {http://citeseerx.ist.psu.edu/viewdoc/download?doi=10.1.1.19.3628\&rep=rep1\&type=pdf}
}

@article{clark,
    author = {R. Clark, A. El-Osery, K. Wedeward, and S. Bruder},
    title = {A Navigation and Obstacle Avoidance Algorithm for Mobile Robots Operating in Unknown, Maze-Type Environments},
    month = {December},
    year = {2004}
	URL = {http://www.ee.nmt.edu/~wedeward/papers/2004ITEA.pdf}
}

@techreport{brooks,
 author = {Brooks, Rodney A.},
 title = {A Robust Layered Control System For a Mobile Robot},
 year = {1985},
 publisher = {Massachusetts Institute of Technology},
 address = {Cambridge, MA, USA},
 }

@book{minsky,
 author = {Minsky, Marvin},
 title = {The society of mind},
 year = {1986},
 isbn = {0-671-60740-5},
 publisher = {Simon \& Schuster, Inc.},
 address = {New York, NY, USA},
 }


